<record><leader>00000cas a22000007a 4500</leader><controlfield tag="001">11009850</controlfield><controlfield tag="008">840801d185u1855cauwr ne      0    0eng d</controlfield><datafield ind1=" " ind2=" " tag="010"><subfield code="a">sn 84027221 </subfield></datafield><datafield ind1=" " ind2=" " tag="040"><subfield code="a">NPU</subfield><subfield code="b">eng</subfield><subfield code="c">NPU</subfield><subfield code="d">OCLCQ</subfield></datafield><datafield ind1=" " ind2=" " tag="042"><subfield code="a">msc</subfield></datafield><datafield ind1="0" ind2=" " tag="130"><subfield code="a">Evening journal (San Francisco, Calif.)</subfield></datafield><datafield ind1="1" ind2="0" tag="245"><subfield code="a">Evening journal.</subfield></datafield><datafield ind1=" " ind2=" " tag="260"><subfield code="a">San Francisco, Calif. :</subfield><subfield code="b">Wm. Moran &amp; Co.</subfield></datafield><datafield ind1=" " ind2=" " tag="300"><subfield code="a">v. ;</subfield><subfield code="c">54 cm.</subfield></datafield><datafield ind1=" " ind2=" " tag="310"><subfield code="a">Weekly</subfield></datafield><datafield ind1="1" ind2=" " tag="362"><subfield code="a">Ceased in 1855.</subfield></datafield><datafield ind1=" " ind2=" " tag="500"><subfield code="a">"Weekly edition for mailing."</subfield></datafield><datafield ind1=" " ind2=" " tag="580"><subfield code="a">Also issued a daily edition called: San Francisco evening journal.</subfield></datafield><datafield ind1=" " ind2=" " tag="588"><subfield code="a">Description based on: Vol. 1, no. 3 (June 1, 1855).</subfield></datafield><datafield ind1=" " ind2=" " tag="752"><subfield code="a">United States</subfield><subfield code="b">California</subfield><subfield code="c">San Francisco</subfield><subfield code="d">San Francisco.</subfield></datafield><datafield ind1="1" ind2=" " tag="775"><subfield code="t">San Francisco evening journal</subfield><subfield code="w">(DLC)sn 82014908</subfield></datafield><datafield ind1="0" ind2="0" tag="785"><subfield code="t">Weekly journal (San Francisco, Calif.)</subfield><subfield code="w">(DLC)sn 84027222</subfield></datafield></record>